<?xml version="1.0" encoding="UTF-8"?><collection xmlns="http://www.loc.gov/MARC21/slim"><record><leader>00764nam--2200193-i-4500</leader><controlfield tag="001">000005179</controlfield><controlfield tag="002">20161230</controlfield><controlfield tag="005">20161230201026</controlfield><controlfield tag="008">060222s1000------------r-----000-0-ger-d</controlfield><datafield ind1=" " ind2=" " tag="040"><subfield code="a">IFIN-HH</subfield></datafield><datafield ind1=" " ind2=" " tag="041"><subfield code="a">ger</subfield></datafield><datafield ind1=" " ind2=" " tag="080"><subfield code="a">537.533.35</subfield></datafield><datafield ind1="1" ind2=" " tag="100"><subfield code="a">Bargmann, W</subfield></datafield><datafield ind1="1" ind2="0" tag="245"><subfield code="a">Vierter internationaler kongress fur elektronen mikroskopie; fourth international conference on electron microscopy; quatrieme congres international de microscopie electronique, berlin 10-17 september 1958</subfield><subfield code="b">Verhaundlungen band ii: biologisch-medizinischer teil</subfield><subfield code="c">W. bargmann, c. mollenstedt, h. niehrs, d. peters, e. ruska, c. wolpers</subfield></datafield><datafield ind1=" " ind2=" " tag="260"><subfield code="a">Berlin</subfield><subfield code="b">Springer-verlag</subfield><subfield code="c">1960</subfield></datafield><datafield ind1=" " ind2=" " tag="300"><subfield code="a">639P</subfield></datafield><datafield ind1="1" ind2=" " tag="700"><subfield code="a">Wolpers, C</subfield></datafield><datafield ind1=" " ind2=" " tag="852"><subfield code="a">13612</subfield><subfield code="c">537.533.35</subfield></datafield><datafield ind1=" " ind2=" " tag="CAT"><subfield code="a">Sys</subfield><subfield code="c">20110902</subfield><subfield code="h">102534</subfield></datafield></record></collection>